% Encoding: UTF-8

@article{NGUYEN20171192,
	title = "Coexistence and exclusion of stochastic competitive Lotka–Volterra models",
	journal = "Journal of Differential Equations",
	volume = "262",
	number = "3",
	pages = "1192 - 1225",
	year = "2017",
	author = "Dang H. Nguyen and George Yin"
}

@article{pop00001,

	author = {GWA Constable and AJ McKane},

	title = {Models of genetic drift as limiting forms of the Lotka-Volterra competition model},

	journal = {Physical review letters},

	publisher = {APS},

	year = {2015},

}



@article{DOMINGO2013203,
	title = "Marine communities based congestion control in underwater wireless sensor networks",
	journal = "Information Sciences",
	volume = "228",
	pages = "203 - 221",
	year = "2013",
	author = "Mari Carmen Domingo"
}

@article{CHIU19891,
	title = "Analysis of the increase and decrease algorithms for congestion avoidance in computer networks",
	journal = "Computer Networks and ISDN Systems",
	volume = "17",
	number = "1",
	pages = "1 - 14",
	year = "1989",
	author = "Dah-Ming Chiu and Raj Jain"
}

@Article{6979984,
  author  = {D. Dujovne and T. Watteyne and X. Vilajosana and P. Thubert},
  title   = {{6TiSCH: deterministic IP-enabled industrial internet (of things)}},
  journal = {IEEE Communications Magazine},
  year    = {2014},
  volume  = {52},
  number  = {12},
  pages   = {36-41},
}

@Article{6714496,
  author  = {L. D. Xu and W. He and S. Li},
  title   = {Internet of Things in Industries: A Survey},
  journal = {IEEE Transactions on Industrial Informatics},
  year    = {2014},
  volume  = {10},
  number  = {4},
  pages   = {2233-2243},
}

@Book{bukukodok,
  title     = {Mathematical Models in Population Biology and Epidemiology},
  publisher = {Springer},
  year      = {2012},
  author    = {Fred Brauer and Carlos Castillo-Chavez},
  pages     = {100 - 114},
}

@Article{6188353,
  author  = {P. Huang and L. Xiao and S. Soltani and M. W. Mutka and N. Xi},
  title   = {{The Evolution of MAC Protocols in Wireless Sensor Networks: A Survey}},
  journal = {IEEE Communications Surveys Tutorials},
  year    = {2013},
  volume  = {15},
  number  = {1},
  pages   = {101-120},
}

@Article{GHAFFARI2015101,
  author   = {Ali Ghaffari},
  title    = "{Congestion control mechanisms in wireless sensor networks: A survey}",
  journal  = {Journal of Network and Computer Applications},
  year     = {2015},
  volume   = {52},
  pages    = {101 - 115},
  keywords = {Wireless sensor networks (WSNs), Congestion control, Congestion detection, Congestion mitigation, Congestion notification},
}

@article{ANTONIOU20131167,
	title = "Congestion control in wireless sensor networks based on bird flocking behavior",
	journal = "Computer Networks",
	volume = "57",
	number = "5",
	pages = "1167 - 1191",
	year = "2013",
	author = "Pavlos Antoniou and Andreas Pitsillides and Tim Blackwell and Andries Engelbrecht and Loizos Michael"

}

@Article{7128680,
  author   = {X. Jiang and G. Jin},
  title    = "{CLTCP: An Adaptive TCP Congestion Control Algorithm Based on Congestion Level}",
  journal  = {IEEE Communications Letters},
  year     = {2015},
  volume   = {19},
  number   = {8},
  pages    = {1307-1310},
  keywords = {computer networks;electronic mail;hypermedia;measurement errors;synchronisation;telecommunication congestion control;transport protocols;CLTCP;FTP;HTTP;NS-2;TCP connection;TCP-FIT;adaptive TCP congestion control algorithm;congestion level;congestion-level-based TCP;delay measurement error;delay variation;email;high-BDP;high-bandwidth-delay-product;lossy networks;transmission control protocol;Algorithm design and analysis;Bandwidth;Delays;Indexes;Packet loss;Throughput;Virtual parallel TCP;congestion level;high bandwidth-delay product network;lossy network},
}

@Article{SERGIOU2014226,
  author   = {Charalambos Sergiou and Vasos Vassiliou and Aristodemos Paphitis},
  title    = "{Congestion control in Wireless Sensor Networks through dynamic alternative path selection}",
  journal  = {Computer Networks},
  year     = {2014},
  volume   = {75},
  pages    = {226 - 238},
  keywords = {Wireless Sensor Networks, Congestion control, Alternative path routing, Energy efficiency},
}

@Article{Quang2012,
  author  = {P. T. A. Quang and D. S. Kim},
  title   = {{Enhancing Real-Time Delivery of Gradient Routing for Industrial Wireless Sensor Networks}},
  journal = {IEEE Transactions on Industrial Informatics},
  year    = {2012},
  volume  = {8},
  number  = {1},
  pages   = {61-68},
}

@InProceedings{7435672,
  author    = {M. S. Manshahia and M. Dave and S. B. Singh},
  title     = {{Bio inspired congestion control mechanism for Wireless Sensor Networks}},
  booktitle = {2015 IEEE International Conference on Computational Intelligence and Computing Research (ICCIC)},
  year      = {2015},
  pages     = {1-6},
  address   = {Madurai},
}

@Article{Rao2017,
  author  = {Rao, P. C. Srinivasa and Jana, Prasanta K. and Banka, Haider},
  title   = {{A particle swarm optimization based energy efficient cluster head selection algorithm for wireless sensor networks}},
  journal = {Wireless Networks},
  year    = {2017},
  volume  = {23},
  number  = {7},
  pages   = {2005--2020},
}

@Article{Mirjalili2016,
  author  = {Mirjalili, Seyedali},
  title   = {Dragonfly algorithm: a new meta-heuristic optimization technique for solving single-objective, discrete, and multi-objective problems},
  journal = {Neural Computing and Applications},
  year    = {2016},
  volume  = {27},
  number  = {4},
  pages   = {1053--1073},
}

@Article{LADDE199299,
  author  = {G.S. Ladde and S. Sathananthan},
  title   = {Stability of Lotka–Volterra model},
  journal = {Mathematical and Computer Modelling},
  year    = {1992},
  volume  = {16},
  number  = {3},
  pages   = {99 - 107},
}

@Article{Takeuchi1980,
  author  = {Takeuchi, Yasuhiro and Adachi, Norihiko},
  title   = {The existence of globally stable equilibria of ecosystems of the generalized Volterra type},
  journal = {Journal of Mathematical Biology},
  year    = {1980},
  volume  = {10},
  number  = {4},
  pages   = {401-415},
}

@Book{lcp,
  title     = {Linear Complementarity, Linear and Non-linear Programming},
  publisher = {Heldermann Verlag},
  year      = {1988},
  author    = {Katta Gopalakrishna Murty},
  pages     = {200 - 212},
}

@Article{Dirkse2013,
  author  = {Zhiwei Lin and Jianzhong Fu and Hongyao Shen and Wenfeng Gan and Shuhua Yue},
  title   = {{Tool path generation for multi-axis freeform surface finishing with the LKH TSP solver}},
  journal = {Computer-Aided Design},
  year    = {2015},
  volume  = {69},
  pages   = {51 - 61},
}

@Book{Omid,
  title     = {Advanced Optimization by Nature-Inspired Algorithms},
  publisher = {Springer},
  year      = {2018},
  editor    = {Omid Bozorg-Haddad},
  pages     = {20 - 25},
}

@Article{long,
  author   = {N. B. Long and H. Tran-Dang and D. S. Kim},
  title    = {Energy-aware Real-time Routing for Large-scale Industrial Internet of Things},
  journal  = {IEEE Internet of Things Journal},
  year     = {2018},
  pages    = {1-1},
}

@Article{tschweb,
  author  = {D. De Guglielmo and B. Al Nahas and S. Duquennoy and T. Voigt and G. Anastasi},
  title   = {{Analysis and Experimental Evaluation of IEEE 802.15.4e TSCH CSMA-CA Algorithm}},
  journal = {IEEE Transactions on Vehicular Technology},
  year    = {2017},
  volume  = {66},
  number  = {2},
  pages   = {1573-1588},
}

@InProceedings{7820597,
  author    = {I. Khoufi and P. Minet and E. Livolant and B. Rmili},
  title     = {{Building an IEEE 802.15.4e TSCH network}},
  booktitle = {2016 IEEE 35th International Performance Computing and Communications Conference (IPCCC)},
  year      = {2016},
  pages     = {1-2},
  address   = {Las Vegas},
}

@Book{pathsolver1,
  title     = {The Complete Problem Solver},
  publisher = {Routledge},
  year      = {2013},
  author    = {John R. Hayes},
  pages     = {90 - 98},
}

@InProceedings{Zheng:2013:ZZS:2491411.2491456,
  author    = {Zheng, Yunhui and Zhang, Xiangyu and Ganesh, Vijay},
  title     = {{Z3-str: A Z3-based String Solver for Web Application Analysis}},
  booktitle = {Proceedings of the 2013 9th Joint Meeting on Foundations of Software Engineering},
  year      = {2013},
  series    = {ESEC/FSE 2013},
  pages     = {114-124},
  address   = {Saint Petersburg},
  publisher = {ACM},
  isbn      = {978-1-4503-2237-9},
  location  = {Saint Petersburg, Russia},
  numpages  = {11},
}

@Article{6728782,
  author  = {A. A. Kumar S. and K. Ovsthus and L. M. Kristensen.},
  title   = {An Industrial Perspective on Wireless Sensor Networks A Survey of Requirements, Protocols, and Challenges},
  journal = {IEEE Communications Surveys Tutorials},
  year    = {2014},
  volume  = {16},
  number  = {3},
  pages   = {1391-1412},
}

@Article{A.A.Kumar2014,
  author  = {A. A. Kumar S. and K. Ovsthus and L. M. Kristensen.},
  title   = {An Industrial Perspective on Wireless Sensor Networks A Survey of Requirements, Protocols, and Challenges},
  journal = {IEEE Communications Surveys Tutorials},
  year    = {2014},
  volume  = {16},
  number  = {3},
  pages   = {1391-1412},
}

@Article{7460875,
  author  = {James A. Jefferies},
  title   = {{IEEE Standard for Low-Rate Wireless Networks}},
  journal = {IEEE Std 802.15.4-2015 (Revision of IEEE Std 802.15.4-2011)},
  year    = {2016},
  pages   = {1-709},
}

@Article{website,
  author  = {T. Zheng and M. Gidlund and J. Åkerberg},
  title   = {{WirArb: A New MAC Protocol for Time Critical Industrial Wireless Sensor Network Applications}},
  journal = {IEEE Sensors Journal},
  year    = {2016},
  volume  = {16},
  number  = {7},
  pages   = {2127-2139},
}

@Article{website2,
  author  = {K. Muraoka and T. Watteyne and N. Accettura and X. Vilajosana and K. S. J. Pister},
  title   = {{Simple Distributed Scheduling With Collision Detection in TSCH Networks}},
  journal = {IEEE Sensors Journal},
  year    = {2016},
  volume  = {16},
  number  = {15},
  pages   = {5848-5849},
}

@InBook{DeGuglielmo2014,
  pages     = {135-152},
  title     = {{From IEEE 802.15.4 to IEEE 802.15.4e: A Step Towards the Internet of Things}},
  publisher = {Springer International Publishing},
  year      = {2014},
  author    = {De Guglielmo, Domenico and Anastasi , Giuseppe and Seghetti, Alessio},
  editor    = {Gaglio, Salvatore and Lo Re, Giuseppe},
  address   = {Cham},
  booktitle = {Advances onto the Internet of Things: How Ontologies Make the Internet of Things Meaningful},
}

@InProceedings{5760292,
  author    = {D. F. Jenolin Flora and V. Kavitha and M. Muthuselvi},
  title     = {{A survey on congestion control techniques in Wireless Sensor Networks}},
  booktitle = {International Conference on Emerging Trends in Electrical and Computer Technology},
  year      = {2011},
  pages     = {1146-1149},
  address   = {Nagercoil},
}

@InProceedings{Woo:2001:TCS:381677.381699,
  author    = {Woo, Alec and Culler, David E.},
  title     = {{A Transmission Control Scheme for Media Access in Sensor Networks}},
  booktitle = {Proceedings of the 7th Annual International Conference on Mobile Computing and Networking},
  year      = {2001},
  series    = {MobiCom '01},
  pages     = {221--235},
  address   = {Rome},
  publisher = {ACM},
  location  = {Rome, Italy},
  numpages  = {15},
}

@InProceedings{Wan:2003:CCD:958491.958523,
  author    = {Wan, Chieh-Yih and Eisenman, Shane B. and Campbell, Andrew T.},
  title     = {{CODA: Congestion Detection and Avoidance in Sensor Networks}},
  booktitle = {Proceedings of the 1st International Conference on Embedded Networked Sensor Systems},
  year      = {2015},
  pages     = {266--279},
  address   = {Los Angeles},
  numpages  = {14},
}

@InProceedings{Ee:2004:CCF:1031495.1031513,
  author    = {Ee, Cheng Tien and Bajcsy, Ruzena},
  title     = {Congestion Control and Fairness for Many-to-one Routing in Sensor Networks},
  booktitle = {Proceedings of the 2Nd International Conference on Embedded Networked Sensor Systems},
  year      = {2004},
  pages     = {148--161},
  address   = {Baltimore},
  numpages  = {14},
}

@InProceedings{Hull:2004:MCW:1031495.1031512,
  author    = {Hull, Bret and Jamieson, Kyle and Balakrishnan, Hari},
  title     = {Mitigating Congestion in Wireless Sensor Networks},
  booktitle = {Proceedings of the 2Nd International Conference on Embedded Networked Sensor Systems},
  year      = {2004},
  pages     = {134--147},
  address   = {Baltimore},
  numpages  = {14},
}

@InProceedings{8115774,
  author    = {M. I. Alipio and N. M. C. Tiglao},
  title     = {Improving reliable data transport in wireless sensor networks through dynamic cache-aware rate control mechanism},
  booktitle = {2017 IEEE 13th International Conference on Wireless and Mobile Computing, Networking and Communications (WiMob)},
  year      = {2017},
  pages     = {1-8},
  address   = {Rome},
}

@InProceedings{1495018,
  author    = {R. Vedantham and R. Sivakumar and Seung-Jong Park},
  title     = {Sink-to-sensors congestion control},
  booktitle = {IEEE International Conference on Communications, 2005. ICC 2005. 2005},
  year      = {2005},
  volume    = {5},
  pages     = {3211-3217},
  address   = {Seoul},
}

@Article{Scheuermann:2008:IHC:1314716.1314991,
  author   = {Scheuermann, Bj\"{o}rn and Lochert, Christian and Mauve, Martin},
  title    = {Implicit Hop-by-hop Congestion Control in Wireless Multihop Networks},
  journal  = {Ad Hoc Netw.},
  year     = {2008},
  volume   = {6},
  number   = {2},
  pages    = {260--286},
  numpages = {27},
}

@Article{5164958,
  author  = {X. Yin and X. Zhou and R. Huang and Y. Fang and S. Li},
  title   = {A Fairness-Aware Congestion Control Scheme in Wireless Sensor Networks},
  journal = {IEEE Transactions on Vehicular Technology},
  year    = {2009},
  volume  = {58},
  number  = {9},
  pages   = {5225-5234},
}

@Article{Fang2009,
  author  = {Fang, Wei-wei and Chen, Ji-ming and Shu, Lei and Chu, Tian-shu and Qian, De-pei},
  title   = {Congestion avoidance, detection and alleviation in wireless sensor networks},
  journal = {Journal of Zhejiang University SCIENCE C},
  year    = {2009},
  volume  = {11},
  number  = {1},
  pages   = {63},
}

@Article{5606274,
  author  = {L. Q. Tao and F. Q. Yu},
  title   = {{ECODA: enhanced congestion detection and avoidance for multiple class of traffic in sensor networks}},
  journal = {IEEE Transactions on Consumer Electronics},
  year    = {2010},
  volume  = {56},
  number  = {3},
  pages   = {1387-1394},
}

@Article{BRAHMA2012670,
  author  = {Swastik Brahma and Mainak Chatterjee and Kevin Kwiat and Pramod K. Varshney},
  title   = {Traffic management in wireless sensor networks: Decoupling congestion control and fairness},
  journal = {Computer Communications},
  year    = {2012},
  volume  = {35},
  number  = {6},
  pages   = {670 - 681},
}

@InProceedings{Analoui:2006:CFB:1315843.1315889,
  author    = {Analoui, Morteza and Jamali, Shahram},
  title     = {A Conceptual Framework for Bio-inspired Congestion Control in Communication Networks},
  booktitle = {Proceedings of the 1st International Conference on Bio Inspired Models of Network, Information and Computing Systems},
  year      = {2006},
  address   = {Madonna di Campiglio},
  location  = {Cavalese, Italy},
}

@InProceedings{Hasegawa:2006:TSC:1190326.1190338,
  author    = {Hasegawa, Go and Murata, Masayuki},
  title     = {{TCP Symbiosis: Congestion Control Mechanisms of TCP Based on Lotka-Volterra Competition Model}},
  booktitle = {Proceedings from the 2006 Workshop on Interdisciplinary Systems Approach in Performance Evaluation and Design of Computer \& Communications Sytems},
  year      = {2006},
  address   = {Tokyo},
}

@Article{6248647,
  author  = {N. A. Pantazis and S. A. Nikolidakis and D. D. Vergados},
  title   = {Energy-Efficient Routing Protocols in Wireless Sensor Networks: A Survey},
  journal = {IEEE Communications Surveys Tutorials},
  year    = {2013},
  volume  = {15},
  number  = {2},
  pages   = {551-591},
}

@Article{7299315,
  author  = {T. M. Chiwewe and C. F. Mbuya and G. P. Hancke},
  title   = {Using Cognitive Radio for Interference-Resistant Industrial Wireless Sensor Networks: An Overview},
  journal = {IEEE Transactions on Industrial Informatics},
  year    = {2015},
  volume  = {11},
  number  = {6},
  pages   = {1466-1481},
}

@Article{7273816,
  author  = {M. R. Palattella and T. Watteyne and Q. Wang and K. Muraoka and N. Accettura and D. Dujovne and L. A. Grieco and T. Engel},
  title   = {{On-the-Fly Bandwidth Reservation for 6TiSCH Wireless Industrial Networks}},
  journal = {IEEE Sensors Journal},
  year    = {2016},
  volume  = {16},
  number  = {2},
  pages   = {550-560},
}

@Article{7120024,
  author  = {P. Kamalinejad and C. Mahapatra and Z. Sheng and S. Mirabbasi and V. C. M. Leung and Y. L. Guan},
  title   = {Wireless energy harvesting for the Internet of Things},
  journal = {IEEE Communications Magazine},
  year    = {2015},
  volume  = {53},
  number  = {6},
  pages   = {102-108},
}

@Article{7442080,
  author  = {M. Domingo-Prieto and T. Chang and X. Vilajosana and T. Watteyne},
  title   = {{Distributed PID-Based Scheduling for 6TiSCH Networks}},
  journal = {IEEE Communications Letters},
  year    = {2016},
  volume  = {20},
  number  = {5},
  pages   = {1006-1009},
}

@Article{7254107,
  author  = {N. Accettura and E. Vogli and M. R. Palattella and L. A. Grieco and G. Boggia and M. Dohler},
  title   = {{Decentralized Traffic Aware Scheduling in 6TiSCH Networks: Design and Experimental Evaluation}},
  journal = {IEEE Internet of Things Journal},
  year    = {2015},
  volume  = {2},
  number  = {6},
  pages   = {455-470},
}

@Article{DUY201780,
  author  = {Thang Phan Duy and Thanh Dinh and Younghan Kim},
  title   = {{Distributed cell selection for scheduling function in 6TiSCH networks}},
  journal = {Computer Standards \& Interfaces},
  year    = {2017},
  volume  = {53},
  pages   = {80 - 88},
}

@Article{LONG201739,
  author  = {Nguyen Bach Long and Dong-Seong Kim},
  title   = {TDMA-based efficient cooperative relaying selection scheme in multi-hop wireless networks},
  journal = {Computer Standards \& Interfaces},
  year    = {2017},
  volume  = {53},
  pages   = {39 - 47},
}

@Article{Pham2017,
  author  = {Pham, Thi Minh Thu and Nguyen, Trong-Tien and Kim, Dong-Seong},
  title   = {Geographical awareness hybrid routing protocol in Mobile Ad Hoc Networks},
  journal = {Wireless Networks},
  year    = {2017},
  volume  = {23},
  number  = {1},
  pages   = {1-13},
}

@Article{KIM20031301,
  author  = {Dong-Sung Kim and Young Sam Lee and Wook Hyun Kwon and Hong Seong Park},
  title   = {Maximum allowable delay bounds of networked control systems},
  journal = {Control Engineering Practice},
  year    = {2003},
  volume  = {11},
  number  = {11},
  pages   = {1301 - 1313},
}

@Article{998012,
  author  = {Hong Seong Park and Yong Ho Kim and Don-Sung Kim and Wook Hyun Kwon},
  title   = {A scheduling method for network-based control systems},
  journal = {IEEE Transactions on Control Systems Technology},
  year    = {2002},
  volume  = {10},
  number  = {3},
  pages   = {318-330},
}

@Comment{jabref-meta: databaseType:bibtex;}
